
@inproceedings{lakkaraju-2016,
  author    = {Himabindu Lakkaraju and Stephen H. Bach and Jure Leskovec},
  title     = {Interpretable Decision Sets: A Joint Framework for Description and Prediction},
  year      = {2016},
  isbn      = {9781450342322},
  publisher = {Association for Computing Machinery},
  address   = {New York, NY, USA},
  url       = {https://doi.org/10.1145/2939672.2939874},
  doi       = {10.1145/2939672.2939874},
  booktitle = {Proceedings of the 22nd ACM SIGKDD International Conference on Knowledge Discovery and Data Mining},
  pages     = {1675–1684},
  numpages  = {10},
  keywords  = {submodularity, interpretable machine learning, decision sets, classification},
  location  = {San Francisco, California, USA},
  series    = {KDD '16}
}


@inproceedings{cortez-2014,
  title  = {Using data mining to predict secondary school student performance},
  author = {P. Cortez and A. M. Gonçalves Silva},
  year   = {2008},
  url    = {https://api.semanticscholar.org/CorpusID:16621299}
}


@book{goodfellow-2016,
  title     = {Deep Learning},
  author    = {Ian Goodfellow and Yoshua Bengio and Aaron Courville},
  publisher = {MIT Press},
  note      = {\url{http://www.deeplearningbook.org}},
  year      = {2016}
}

@book{duda-2000,
  author    = {Richard O. Duda and Peter E. Hart and David G. Stork},
  title     = {Pattern Classification},
  edition   = {2nd Edition},
  publisher = {Wiley},
  year      = 2000
}


@inproceedings{Ignatiev-2018,
  author    = {Ignatiev, Alexey and Pereira, Filipe and Narodytska, Nina and Marques-Silva, Joao},
  editor    = {Galmiche, Didier and Schulz, Stephan and Sebastiani, Roberto},
  title     = {A SAT-Based Approach to Learn Explainable Decision Sets},
  booktitle = {Automated Reasoning},
  year      = {2018},
  publisher = {Springer International Publishing},
  address   = {Cham},
  pages     = {627--645},
  isbn      = {978-3-319-94205-6}
}

@misc{google-accuracy,
  author = {Google Developers},
  title  = {Classification: Accuracy, Machine Learning Foundational Courses},
  year   = {2023},
  url    = {https://developers.google.com/machine-learning/crash-course/classification/accuracy}
}

@misc{google-roc,
  author = {Google Developers},
  title  = {Classification: ROC curve and AUC, Machine Learning Foundational Courses.},
  year   = {2022},
  url    = {https://developers.google.com/machine-learning/crash-course/classification/roc-and-auc}
}

@misc{google-pr,
  author = {Google Developers},
  title  = {Classification: Precision and Recall, Machine Learning Foundational Courses},
  year   = {2023},
  url    = {https://developers.google.com/machine-learning/crash-course/classification/precision-and-recall}
}

@book{Liu-2015,
  author    = {Han Liu and Alexander Gegov and Mihaela Cocea},
  title     = {Rule Based Systems for Big Data},
  publisher = {Springer},
  year      = {2015}
}

@article{Rudin-2019,
  author  = {Cynthia Rudin},
  title   = {Stop Explaining Black Box Machine Learning Models for High Stakes Decisions and Use Interpretable Models Instead},
  journal = {Nature Machine Intelligence},
  year    = {2019}
}

@article{Letham-2015,
  author  = {Benjamin Letham and Cythia Rudin and Tyler H. McCormick and David Madigan},
  title   = {Interpretable Classifiers Using Rules and Bayesian Analysis: Building a Better Stroke Prediction Model},
  journal = {The Annals of Applied Statistics},
  year    = {2015},
  volume  = {9},
  number  = {3}
}

@book{Breiman-1984,
  author    = {Leo Breiman and Jerome Friedman and R.A. Olshen and Charles J. Stone},
  title     = {Classification and Regression Trees},
  publisher = {Chapman and Hall},
  year      = {1984}
}

@article{Herrera-2010,
  author  = {Franciso Herrera and Cristobal Jose Carmona and Pedro Gonzales and Maria Jose del Jesus},
  title   = {An overview on subgroup discovery: foundations and applications},
  journal = {Knowledge and Information Systems},
  year    = {2010},
  volume  = {29},
  number  = {3}
}

@inbook{Wrobel-2001,
  author    = {Stefan Wrobel},
  title     = {Relational Data Mining},
  publisher = {Springer},
  year      = {2001},
  chapter   = {Inductive Logic Programming for Knowledge Discovery in Databases}
}

@article{gunning2019xai,
  author  = {Gunning, David and Vorm, Eric and Wang, Jennifer Yunyan and Turek, Matt},
  title   = {DARPA's explainable AI (XAI) program: A retrospective},
  journal = {Applied AI Letters},
  volume  = {2},
  number  = {4},
  pages   = {e61},
  year    = {2021}
}

@misc{curso-xai,
  author = {Bojan Mihaljevic and Esteban García},
  year   = {2024},
  title  = {Notas del curso XAI. Universidad Politécnica de Madrid}
}

@inproceedings{Kaur-2020,
  author    = {Kaur, Harmanpreet and Nori, Harsha and Jenkins, Samuel and Caruana, Rich and Wallach, Hanna and Wortman Vaughan, Jennifer},
  title     = {Interpreting Interpretability: Understanding Data Scientists' Use of Interpretability Tools for Machine Learning},
  year      = {2020},
  isbn      = {9781450367080},
  publisher = {Association for Computing Machinery},
  address   = {New York, NY, USA},
  booktitle = {Proceedings of the 2020 CHI Conference on Human Factors in Computing Systems},
  pages     = {1–14},
  numpages  = {14},
  series    = {CHI '20}
}

@inproceedings{Poursabzi-2021,
  author    = {Poursabzi-Sangdeh, Forough and Goldstein, Daniel G and Hofman, Jake M and Wortman Vaughan, Jennifer Wortman and Wallach, Hanna},
  title     = {Manipulating and Measuring Model Interpretability},
  year      = {2021},
  isbn      = {9781450380966},
  publisher = {Association for Computing Machinery},
  address   = {New York, NY, USA},
  booktitle = {Proceedings of the 2021 CHI Conference on Human Factors in Computing Systems},
  articleno = {237},
  numpages  = {52},
  keywords  = {machine-assisted decision making, interpretability, human-centered machine learning},
  series    = {CHI '21}
}


@inproceedings{Lin-2020,
  title     = {Generalized and Scalable Optimal Sparse Decision Trees},
  author    = {Lin, Jimmy and Zhong, Chudi and Hu, Diane and Rudin, Cynthia and Seltzer, Margo},
  booktitle = {Proceedings of the 37th International Conference on Machine Learning},
  pages     = {6150--6160},
  year      = {2020},
  editor    = {III, Hal Daumé and Singh, Aarti},
  volume    = {119},
  series    = {Proceedings of Machine Learning Research},
  month     = {13--18 Jul},
  publisher = {PMLR}
}

@inproceedings{Hu-2019,
  author    = {Hu, Xiyang and Rudin, Cynthia and Seltzer, Margo},
  booktitle = {Advances in Neural Information Processing Systems},
  editor    = {H. Wallach and H. Larochelle and A. Beygelzimer and F. d\textquotesingle Alch\'{e}-Buc and E. Fox and R. Garnett},
  publisher = {Curran Associates, Inc.},
  title     = {Optimal Sparse Decision Trees},
  volume    = {32},
  year      = {2019}
}

@article{Dodonov-2012,
  title   = {Response time analysis in cognitive tasks with increasing difficulty},
  author  = {Yury S. Dodonov and Yulia A. Dodonova},
  journal = {Intelligence},
  volume  = {40},
  number  = {5},
  pages   = {379-394},
  year    = {2012},
  issn    = {0160-2896},
  doi     = {https://doi.org/10.1016/j.intell.2012.07.002}
}

@incollection{Hart-1988,
  title     = {Development of NASA-TLX (Task Load Index): Results of Empirical and Theoretical Research},
  author    = {Sandra G. Hart and Lowell E. Staveland},
  editor    = {Peter A. Hancock and Najmedin Meshkati},
  series    = {Advances in Psychology},
  publisher = {North-Holland},
  volume    = {52},
  pages     = {139-183},
  year      = {1988},
  booktitle = {Human Mental Workload},
  issn      = {0166-4115},
  doi       = {https://doi.org/10.1016/S0166-4115(08)62386-9}
}

@book{samek-2019,
  title     = {Explainable AI: interpreting, explaining and visualizing deep learning},
  author    = {Samek, W},
  year      = {2019},
  publisher = {Springer Nature}
}

@misc{amnesty-2021,
  author = {{Amnesty International}},
  title  = {El escándalo de los subsidios para el cuidado infantil en Países Bajos, una alerta urgente para prohibir los algoritmos racistas},
  year   = {2021},
  url    = {https://www.amnesty.org/es/latest/news/2021/10/xenophobic-machines-dutch-child-benefit-scandal/},
  note   = {Accessed: 2024-08-28}
}

@misc{bbc-2021,
  author = {{BBC News Mundo}},
  title  = {"Le arruinaron la vida a gente inocente": el escándalo que hizo dimitir en bloque al gobierno de Países Bajos},
  year   = {2021},
  url    = {https://www.bbc.com/mundo/noticias-internacional-55683795},
  note   = {Accessed: 2024-08-28}
}

@misc{euronews-2021,
  title        = {El escándalo por la discriminación racial en las ayudas familiares cerca al Gobierno de Rutte},
  author       = {{Euronews}},
  year         = {2021},
  howpublished = {\url{https://es.euronews.com/2021/01/13/el-escandalo-por-la-discriminacion-racial-en-las-ayudas-familiares-cerca-al-gobierno-de-ru}},
  note         = {Último acceso: 28 de agosto de 2024}
}

@misc{propublica-2016,
  title        = {Machine Bias},
  author       = {{Angwin, Julia and Larson, Jeff and Mattu, Surya and Kirchner, Lauren}},
  year         = {2016},
  howpublished = {\url{https://www.propublica.org/article/machine-bias-risk-assessments-in-criminal-sentencing}},
  note         = {Último acceso: 28 de agosto de 2024}
}

@misc{bbc-2016,
  author = {{BBC Mundo}},
  title  = {¿Cómo en Estados Unidos las matemáticas te pueden meter en prisión?},
  year   = {2016},
  url    = {https://www.bbc.com/mundo/noticias-37679463},
  note   = {Último acceso: agosto 28, 2024}
}

@article{doshi2017towards,
  title   = {Towards a rigorous science of interpretable machine learning},
  author  = {Doshi-Velez, Finale and Kim, Been},
  journal = {arXiv preprint arXiv:1702.08608},
  year    = {2017}
}

@article{rudin2019,
  title     = {Stop explaining black box machine learning models for high stakes decisions and use interpretable models instead},
  author    = {Rudin, Cynthia},
  journal   = {Nature machine intelligence},
  volume    = {1},
  number    = {5},
  pages     = {206--215},
  year      = {2019},
  publisher = {Nature Publishing Group UK London}
}

@misc{lipton2016mythos,
  title         = {The mythos of model interpretability},
  author        = {Lipton, Zachary C.},
  year          = {2016},
  eprint        = {1606.03490},
  archiveprefix = {arXiv},
  primaryclass  = {stat.ML},
  url           = {https://arxiv.org/abs/1606.03490},
  note          = {Disponible en arXiv}
}

@inproceedings{ribeiro2016should,
  title     = {" Why should i trust you?" Explaining the predictions of any classifier},
  author    = {Ribeiro, Marco Tulio and Singh, Sameer and Guestrin, Carlos},
  booktitle = {Proceedings of the 22nd ACM SIGKDD international conference on knowledge discovery and data mining},
  pages     = {1135--1144},
  year      = {2016}
}

@article{samek2017explainable,
  title   = {Explainable artificial intelligence: Understanding, visualizing and interpreting deep learning models},
  author  = {Samek, Wojciech and Wiegand, Thomas and M{\"u}ller, Klaus-Robert},
  journal = {arXiv preprint arXiv:1708.08296},
  year    = {2017}
}

@article{miller2019explanation,
  title     = {Explanation in artificial intelligence: Insights from the social sciences},
  author    = {Miller, Tim},
  journal   = {Artificial intelligence},
  volume    = {267},
  pages     = {1--38},
  year      = {2019},
  publisher = {Elsevier}
}

@article{gunning2019xai,
  title   = {DARPA’s explainable artificial intelligence (XAI) program},
  author  = {Gunning, David and Aha, David},
  journal = {AI magazine},
  volume  = {40},
  number  = {2},
  pages   = {44--58},
  year    = {2019}
}

@article{murdoch2019interpretable,
  title   = {Interpretable machine learning: definitions, methods, and applications},
  author  = {Murdoch, W James and Singh, Chandan and Kumbier, Karl and Abbasi-Asl, Reza and Yu, Bin},
  journal = {arXiv preprint arXiv:1901.04592},
  year    = {2019}
}

@article{mienye2024survey,
  title     = {A Survey of Decision Trees: Concepts, Algorithms, and Applications},
  author    = {Mienye, Ibomoiye Domor and Jere, Nobert},
  journal   = {IEEE Access},
  year      = {2024},
  publisher = {IEEE}
}

@article{Rivest-1987,
  title     = {Learning decision lists},
  author    = {Rivest, Ronald L},
  journal   = {Machine learning},
  volume    = {2},
  pages     = {229--246},
  year      = {1987},
  publisher = {Springer}
}

@article{kutz2022parsimony,
  title     = {Parsimony as the ultimate regularizer for physics-informed machine learning},
  author    = {Kutz, J Nathan and Brunton, Steven L},
  journal   = {Nonlinear Dynamics},
  volume    = {107},
  number    = {3},
  pages     = {1801--1817},
  year      = {2022},
  publisher = {Springer}
}

@article{kukreja2006least,
  title     = {A least absolute shrinkage and selection operator (LASSO) for nonlinear system identification},
  author    = {Kukreja, Sunil L and L{\"o}fberg, Johan and Brenner, Martin J},
  journal   = {IFAC proceedings volumes},
  volume    = {39},
  number    = {1},
  pages     = {814--819},
  year      = {2006},
  publisher = {Elsevier}
}

@article{nori2019interpretml,
  title   = {Interpretml: A unified framework for machine learning interpretability},
  author  = {Nori, Harsha and Jenkins, Samuel and Koch, Paul and Caruana, Rich},
  journal = {arXiv preprint arXiv:1909.09223},
  year    = {2019}
}

@incollection{hastie2017generalized,
  title     = {Generalized additive models},
  author    = {Hastie, Trevor J},
  booktitle = {Statistical models in S},
  pages     = {249--307},
  year      = {2017},
  publisher = {Routledge}
}

@article{rushkin2015optimizing,
  title   = {Optimizing the Ptolemaic Model of Planetary and Solar Motion},
  author  = {Rushkin, Ilia},
  journal = {arXiv preprint arXiv:1502.01967},
  year    = {2015}
}

@article{aytekin2022neural,
  title   = {Neural networks are decision trees},
  author  = {Aytekin, Caglar},
  journal = {arXiv preprint arXiv:2210.05189},
  year    = {2022}
}

@inproceedings{gilpin2018explaining,
  title        = {Explaining explanations: An overview of interpretability of machine learning},
  author       = {Gilpin, Leilani H and Bau, David and Yuan, Ben Z and Bajwa, Ayesha and Specter, Michael and Kagal, Lalana},
  booktitle    = {2018 IEEE 5th International Conference on data science and advanced analytics (DSAA)},
  pages        = {80--89},
  year         = {2018},
  organization = {IEEE}
}

@misc{lundberg2017unified,
  title         = {A Unified Approach to Interpreting Model Predictions},
  author        = {Scott Lundberg and Su-In Lee},
  year          = {2017},
  eprint        = {1705.07874},
  archiveprefix = {arXiv},
  primaryclass  = {cs.AI},
  url           = {https://arxiv.org/abs/1705.07874}
}

@inproceedings{ribeiro2018anchors,
  title     = {Anchors: High-precision model-agnostic explanations},
  author    = {Ribeiro, Marco Tulio and Singh, Sameer and Guestrin, Carlos},
  booktitle = {Proceedings of the AAAI conference on artificial intelligence},
  volume    = {32},
  number    = {1},
  year      = {2018}
}

@article{arya2019one,
  title   = {One explanation does not fit all: A toolkit and taxonomy of ai explainability techniques},
  author  = {Arya, Vijay and Bellamy, Rachel KE and Chen, Pin-Yu and Dhurandhar, Amit and Hind, Michael and Hoffman, Samuel C and Houde, Stephanie and Liao, Q Vera and Luss, Ronny and Mojsilovi{\'c}, Aleksandra and others},
  journal = {arXiv preprint arXiv:1909.03012},
  year    = {2019}
}

@manual{yellowbrick,
  title        = {Yellowbrick: Machine Learning Visualization Library},
  author       = {Benjamin Bengfort and Rebecca Bilbro and others},
  organization = {Scikit-Yellowbrick Development Team},
  year         = {2023},
  url          = {https://www.scikit-yb.org/es/latest/},
  note         = {Accedido: 20 de septiembre de 2024}
}

@misc{microsoftEBMvideo,
  author = {Microsoft Developer},
  title  = {The Science Behind InterpretML: Explainable Boosting Machine},
  year   = {2020},
  url    = {https://www.youtube.com/watch?v=MREiHgHgl0k},
  note   = {Accedido el: 20 de septiembre de 2024}
}

@software{bengfort_yellowbrick_2018,
  title    = {Yellowbrick},
  rights   = {Apache License 2.0},
  url      = {http://www.scikit-yb.org/en/latest/},
  abstract = {Yellowbrick is an open source, pure Python project that
              extends the Scikit-Learn {API} with visual analysis and
              diagnostic tools. The Yellowbrick {API} also wraps Matplotlib to
              create publication-ready figures and interactive data
              explorations while still allowing developers fine-grain control
              of figures. For users, Yellowbrick can help evaluate the
              performance, stability, and predictive value of machine learning
              models, and assist in diagnosing problems throughout the machine
              learning workflow.},
  version  = {0.9.1},
  author   = {Bengfort, Benjamin and Bilbro, Rebecca and Danielsen, Nathan and
              Gray, Larry and {McIntyre}, Kristen and Roman, Prema and Poh, Zijie and
              others},
  date     = {2018-11-14},
  year     = {2018},
  doi      = {10.5281/zenodo.1206264}
}

@misc{bengfort_yellowbrick_2018,
  title  = {Yellowbrick Documentation},
  author = {Bengfort, Benjamin and Bilbro, Rebecca and Ojeda, Larry},
  year   = {2018},
  url    = {https://www.scikit-yb.org/en/latest/api/model_selection/importances.html},
  note   = {Accessed: 2024-09-21}
}

@inproceedings{mothilal2020dice,
  title     = {Explaining machine learning classifiers through diverse counterfactual explanations},
  author    = {Mothilal, Ramaravind K and Sharma, Amit and Tan, Chenhao},
  booktitle = {Proceedings of the 2020 conference on fairness, accountability, and transparency},
  pages     = {607--617},
  year      = {2020}
}

@misc{vargas2024interpretability,
  author = {Adrian Vargas Rangel},
  title  = {Una herramienta para la evaluación de la interpretabilidad},
  year   = {2024},
  url    = {https://colab.research.google.com/drive/1_VD8UgamgW4jdyxzdepSxo6fJLQLNkL1?usp=sharing},
  note   = {Último acceso: septiembre 2024}
}

@article{cortez2014student,
  title={Student performance},
  author={Cortez, Paulo},
  journal={UCI machine learning repository},
  year={2014}
}